<record><leader>00000cas a2200000 a 4500</leader><controlfield tag="001">17427907</controlfield><controlfield tag="008">880203c19879999fludr ne      0    0spa c</controlfield><datafield ind1=" " ind2=" " tag="010"><subfield code="a">sn 91066494 </subfield></datafield><datafield ind1=" " ind2=" " tag="040"><subfield code="a">FHM</subfield><subfield code="b">eng</subfield><subfield code="c">FHM</subfield><subfield code="d">NYS</subfield><subfield code="d">YOX</subfield><subfield code="d">FUG</subfield><subfield code="d">CNK</subfield><subfield code="d">FUG</subfield><subfield code="d">NVF</subfield><subfield code="d">CUS</subfield><subfield code="d">DLC</subfield><subfield code="d">TJC</subfield><subfield code="d">OCL</subfield><subfield code="d">CLU</subfield><subfield code="d">OCLCQ</subfield><subfield code="d">OCLCF</subfield></datafield><datafield ind1=" " ind2=" " tag="012"><subfield code="i">9603</subfield></datafield><datafield ind1="1" ind2=" " tag="029"><subfield code="a">AU@</subfield><subfield code="b">000020666698</subfield></datafield><datafield ind1=" " ind2=" " tag="037"><subfield code="b">1 Herald Plaza, Miami, FL 33132</subfield></datafield><datafield ind1=" " ind2=" " tag="042"><subfield code="a">pcc</subfield></datafield><datafield ind1=" " ind2=" " tag="043"><subfield code="a">n-us-fl</subfield></datafield><datafield ind1="0" ind2="0" tag="050"><subfield code="a">Newspaper</subfield></datafield><datafield ind1="1" ind2="4" tag="050"><subfield code="a">E184.S75</subfield></datafield><datafield ind1="0" ind2="3" tag="245"><subfield code="a">El Nuevo herald.</subfield></datafield><datafield ind1=" " ind2=" " tag="260"><subfield code="a">Miami, Fla. :</subfield><subfield code="b">[The Miami Herald Pub. Co.],</subfield><subfield code="c">1987-</subfield></datafield><datafield ind1=" " ind2=" " tag="300"><subfield code="a">v.</subfield></datafield><datafield ind1=" " ind2=" " tag="310"><subfield code="a">Daily</subfield></datafield><datafield ind1="0" ind2=" " tag="362"><subfield code="a">Vol. 1, no. 1 (21 de nov. 1987)-</subfield></datafield><datafield ind1=" " ind2=" " tag="530"><subfield code="a">Also issued by subscription via the World Wide Web.</subfield></datafield><datafield ind1=" " ind2=" " tag="580"><subfield code="a">Spanish language edition of: Miami herald (Miami, Fla. : 1910).</subfield></datafield><datafield ind1=" " ind2=" " tag="588"><subfield code="a">Latest issue consulted: 31 de jul. de 1999.</subfield></datafield><datafield ind1=" " ind2="0" tag="650"><subfield code="a">Hispanic Americans</subfield><subfield code="z">Florida</subfield><subfield code="v">Newspapers.</subfield></datafield><datafield ind1=" " ind2="0" tag="651"><subfield code="a">Miami (Fla.)</subfield><subfield code="v">Newspapers.</subfield></datafield><datafield ind1=" " ind2="0" tag="651"><subfield code="a">Miami-Dade County (Fla.)</subfield><subfield code="v">Newspapers.</subfield></datafield><datafield ind1=" " ind2="7" tag="655"><subfield code="a">Newspapers.</subfield><subfield code="2">fast</subfield><subfield code="0">(OCoLC)fst01423814</subfield></datafield><datafield ind1=" " ind2="7" tag="650"><subfield code="a">Hispanic Americans.</subfield><subfield code="2">fast</subfield><subfield code="0">(OCoLC)fst00957523</subfield></datafield><datafield ind1=" " ind2="7" tag="651"><subfield code="a">Florida.</subfield><subfield code="2">fast</subfield><subfield code="0">(OCoLC)fst01205150</subfield></datafield><datafield ind1=" " ind2="7" tag="651"><subfield code="a">Florida</subfield><subfield code="z">Miami.</subfield><subfield code="2">fast</subfield><subfield code="0">(OCoLC)fst01213727</subfield></datafield><datafield ind1=" " ind2="7" tag="651"><subfield code="a">Florida</subfield><subfield code="z">Miami-Dade County.</subfield><subfield code="2">fast</subfield><subfield code="0">(OCoLC)fst01287298</subfield></datafield><datafield ind1="0" ind2=" " tag="730"><subfield code="a">Miami herald (Miami, Fla. : 1910)</subfield></datafield><datafield ind1=" " ind2=" " tag="752"><subfield code="a">United States</subfield><subfield code="b">Florida</subfield><subfield code="c">Dade</subfield><subfield code="d">Miami.</subfield></datafield><datafield ind1="1" ind2=" " tag="775"><subfield code="t">Miami herald (Miami, Fla. : 1910)</subfield><subfield code="x">0898-865X</subfield><subfield code="w">(DLC)sn 83016279</subfield><subfield code="w">(OCoLC)2733685</subfield></datafield><datafield ind1="0" ind2="0" tag="780"><subfield code="t">Miami herald (Miami, Fla. : 1976)</subfield><subfield code="w">(DLC)sn 83016287</subfield><subfield code="w">(OCoLC)9668294</subfield></datafield><datafield ind1=" " ind2=" " tag="850"><subfield code="a">FU</subfield></datafield><datafield ind1="4" ind2=" " tag="856"><subfield code="u">http://www.elherald.com/</subfield></datafield><datafield ind1="4" ind2="1" tag="856"><subfield code="u">http://www.softlineweb.com/softlineweb/ethnic.htm</subfield></datafield></record>